@article{ramachandran2007bayesian,
  title={Bayesian inverse reinforcement learning},
  author={Ramachandran, Deepak and Amir, Eyal},
  journal={Urbana},
  volume={51},
  number={61801},
  pages={1--4},
  year={2007}
}

@inproceedings{lopes2009active,
  title={Active learning for reward estimation in inverse reinforcement learning},
  author={Lopes, Manuel and Melo, Francisco and Montesano, Luis},
  booktitle={Joint European Conference on Machine Learning and Knowledge Discovery in Databases},
  pages={31--46},
  year={2009},
  organization={Springer}
}

@inproceedings{choi2011map,
  title={Map inference for bayesian inverse reinforcement learning},
  author={Choi, Jaedeug and Kim, Kee-Eung},
  booktitle={Advances in Neural Information Processing Systems},
  pages={1989--1997},
  year={2011}
}

@inproceedings{ng2000algorithms,
  title={Algorithms for inverse reinforcement learning.},
  author={Ng, Andrew Y and Russell, Stuart J and others},
  booktitle={Icml},
  pages={663--670},
  year={2000}
}

@book{sutton1998reinforcement,
  title={Reinforcement learning: An introduction},
  author={Sutton, Richard S and Barto, Andrew G},
  volume={1},
  number={1},
  year={1998},
  publisher={MIT press Cambridge}
}

